<?xml version="1.0" encoding="UTF-8"?><collection><record><leader>09454ntm a2200805 a 4500</leader><controlfield tag="001">006805948</controlfield><controlfield tag="003">MiAaHDL</controlfield><controlfield tag="005">20190719000000.0</controlfield><controlfield tag="006">m        d        </controlfield><controlfield tag="007">cr bn ---auaua</controlfield><controlfield tag="008">090602s16uu    xx            00| ||ara d</controlfield><datafield tag="035" ind1=" " ind2=" "><subfield code="a">(MiU)006805948</subfield></datafield><datafield tag="035" ind1=" " ind2=" "><subfield code="a">sdr-miu006805948</subfield></datafield><datafield tag="040" ind1=" " ind2=" "><subfield code="a">MiU</subfield><subfield code="c">MiU</subfield><subfield code="e">amremm</subfield></datafield><datafield tag="043" ind1=" " ind2=" "><subfield code="a">n-us-mi</subfield></datafield><datafield tag="100" ind1="1" ind2=" "><subfield code="6">880-01</subfield><subfield code="a">Wāḥidī, Abū al-Ḥasan ʻAlī ibn Aḥmad,</subfield><subfield code="d">-1075 or 1076.</subfield></datafield><datafield tag="240" ind1="1" ind2="0"><subfield code="6">880-02</subfield><subfield code="a">Wajīz</subfield></datafield><datafield tag="245" ind1="1" ind2="0"><subfield code="6">880-03</subfield><subfield code="a">[Tafsīr al-Wāḥidī ... etc.,</subfield><subfield code="f">17th century].</subfield></datafield><datafield tag="246" ind1="3" ind2=" "><subfield code="i">Title in GAL:</subfield><subfield code="a">Tafsīr al-Qurʼān al-wajīz</subfield></datafield><datafield tag="260" ind1=" " ind2=" "><subfield code="c">[16--].</subfield></datafield><datafield tag="300" ind1=" " ind2=" "><subfield code="a">164 leaves :</subfield><subfield code="b">paper ;</subfield><subfield code="c">280 x 225 (249 x 143) mm.</subfield></datafield><datafield tag="500" ind1=" " ind2=" "><subfield code="a">Shelfmark: Ann Arbor, University of Michigan, Special Collections Library, Isl. Ms. 462</subfield></datafield><datafield tag="500" ind1=" " ind2=" "><subfield code="a">Origin: As appears in colophon on p.289, Tafsīr al-Wāḥidī copied by Muḥammad ibn Muḥammad ibn Ibrāhīm ... al-ʻIyāḍī [?] and Aḥmad ibn ʻAlī during the days of their examination with their shaykh Abū Zakarīyā ʻAlī ibn ʻAlī, with transcription completed 15 Jumādá I in what appears to be a year between 1001 and 1100. Paper, etc. suggest 17th century. As appears in colophon on p.323, Sharḥ al-Qaṣīdah al-Shaqrāṭīsīyah copied by Muḥammad al-Saʻīdī ibn Muḥammad ibn Muḥammad al-Waghlīsī for Abū [?] Zakarīyā Yaḥyá ibn Muḥammad ibn ʻAlī al-Kharrāṭī al-Farāwṣanī. Date of transcription not specified ; paper, etc. suggest 17th century.</subfield></datafield><datafield tag="500" ind1=" " ind2=" "><subfield code="a">Accompanying materials: a. University of Michigan General Library charge slip for "Traité de versification arabe" -- b. Acquisitions slip from Yahuda.</subfield></datafield><datafield tag="500" ind1=" " ind2=" "><subfield code="a">Former shelfmark: From front flyleaf (p.1), "IL 50 D" (likely supplied by Yahuda, see acquisitions slip).</subfield></datafield><datafield tag="500" ind1=" " ind2=" "><subfield code="a">Binding: Covers lost, only spine (in dark brown leather) remains ; sewn in cream thread, two stations ; only traces of endbands remain ; overall in quite poor condition with upper and lower covers lost, lifting and losses of spine leather, etc. ; housed in box for protection.</subfield></datafield><datafield tag="500" ind1=" " ind2=" "><subfield code="a">Support: European laid paper of two main types ; opening type with 7 laid lines per cm. (vertical), chain lines difficult to view but seemingly spaced roughly 35-40 mm. apart (horizontal), and possible three hats watermark (see p.92/p.106, Heawood 2596, etc.) ; following type also with 7 laid lines per cm. (vertical), chain lines roughly 25 mm. apart and watermark of crescent in circle with cross [?] (see pp. 233-4, 245-6, 269-70, 301-2, etc.) ; all quite sturdy and well-burnished ; extensive pest damage.</subfield></datafield><datafield tag="500" ind1=" " ind2=" "><subfield code="a">Decoration: Keywords, section headings, excerpts and abbreviation symbols (mainly sigla) rubricated ; occasional textual dividers in the form of three dots.</subfield></datafield><datafield tag="500" ind1=" " ind2=" "><subfield code="a">Script: Maghribī ; two main hands, quite elegant with sweeping descenders, etc. ; occasional vocalization (in red).</subfield></datafield><datafield tag="500" ind1=" " ind2=" "><subfield code="a">Layout: Written in 31 lines per page ; frame-ruled.</subfield></datafield><datafield tag="500" ind1=" " ind2=" "><subfield code="a">Collation: I-1 (1), V+1 (12), V (22), V+1 (33), V (43), VI (55), II (59), VI (71), V (81), VI (93), 3 V(123), I (125), 3 V(155), V-1 (164) ; chiefly quinions ; catchwords present ; pagination in pencil, Western numerals, supplied during digitization.</subfield></datafield><datafield tag="500" ind1=" " ind2=" "><subfield code="a">Colophon: [Tafsīr al-Wāḥidī] "Scribal," rectangular, reads "كان الفراغ منه يوم الخميس بعد صلاة الظهر في شهر الله المعظم جمادى الاول في اليوم الخامس عشر منه عام [...؟] بعد الالف ... من الهجرة النبوية على صاحبها الصلاة والسلام ... على يد العبد الفقير ... محمد ابن محمد ابن ابراهيم الشوشي [؟] العياضي تاب الله عليه وغفر له نسخته انا وسيده احمد بن علي ... على ايام امتحاننا ... الى شيخنا ... ابي زكريا سيده علي بن علي ... والحمد لله رب العالمين ولا حول ولا قوة الا بالله العلي العظيم" ; [Sharḥ al-Qaṣīdah al-Shaqrāṭīsīyah] "Scribal," rectangular, reads "تأليف الشيخ الشهير السيد الاكمل الفقيه القاضي ابي عبد الله محمد بن محمد بن معزة الهواربي رحمه الله على يد العبد الفقير ... الراجي عفو ربه وغفرانه محمد السعيدي بن محمد بن محمد الوغليسي نسبا [؟] المالكي مذهبا الاشعري اعتقادا غفر الله له ولوالده ... نسخته للفقيه الاجل الموحد الافضل ابعلا [ابو ؟] زكريا يحيى بن محمد بن علي الخراطي الفراوضي ... الحمد لله رب العالمين"</subfield></datafield><datafield tag="500" ind1=" " ind2=" "><subfield code="a">Explicit: [al-Waraqāt] "ووجه الدليل ان النبي صلى الله عليه وسلم قد خطا المجتهد تارة وصوبه اخرى والله سبحانه اعلم وصلى الله على سيدنا محمد وعلى اله وصحبه وسلم تسليما انتهت الورقات المفيدات لامام الحرمين ابي المعاني الجويني رحمه الله"</subfield></datafield><datafield tag="500" ind1=" " ind2=" "><subfield code="a">Incipit: [Tafsīr al-Wāḥidī] "وصلى الله على سيدنا محمد وعلى اله وصحبه وسلم تسليما كثيرا كثيرا كثيرا الحمد لله الكريم بالائه والعظيم بكبريائه القادر فلا يمانع والقاهر فلا ينازع ... اما بعد فان لكل زمان نشوة ولكل نشوى علما"</subfield></datafield><datafield tag="500" ind1=" " ind2=" "><subfield code="a">Title supplied by cataloguer.</subfield></datafield><datafield tag="500" ind1=" " ind2=" "><subfield code="a">Ms. composite codex.</subfield></datafield><datafield tag="505" ind1="0" ind2=" "><subfield code="a">4. p.324-p.327 : al-Waraqāt al-mufīdāt / Imām al-Ḥaramayn Abū al-Maʻālī al-Juwaynī.</subfield></datafield><datafield tag="505" ind1="0" ind2=" "><subfield code="a">3. p.292-p.323 : [Sharḥ Qaṣīdat Abī Muḥammad ʻAbd Allāh ibn Abī Zakarīyā Yaḥyá ibn ʻAlī ibn Zakarīyā al-shahīr bi-al-Shaqrāṭīsī ] / Abū ʻAbd Allah Muḥammad ibn Muḥammad ibn Maʻazzah al-Hawāribī.</subfield></datafield><datafield tag="505" ind1="0" ind2=" "><subfield code="a">2. p.289-p.291 : [assorted excerpts].</subfield></datafield><datafield tag="505" ind1="0" ind2=" "><subfield code="a">1. p.4-p.289 : [Tafsīr al-Wāḥidī] / Abū al-Ḥasan ʻAlī ibn Aḥmad al-Wāḥidī.</subfield></datafield><datafield tag="510" ind1="4" ind2=" "><subfield code="a">Brockelmann, C. GAL,</subfield><subfield code="c">I 411/3 ; SI</subfield></datafield><datafield tag="520" ind1="8" ind2=" "><subfield code="a">Fine Maghribī copy of Abū al-Ḥasan ʻAlī ibn Aḥmad al-Wāḥidī's (d.1076) terse philological commentary on the Qurʼān entitled al-Wajīz fī maʻānī al-Qurʼān al-ʻazīz, followed by a commentary on al-Qaṣīdah al-Shaqrāṭīsīyah and the text of al-Waraqāt fī uṣūl al-fiqh of Imām al-Ḥaramayn Abū al-Maʻālī al-Juwaynī. Additional excerpts from other text appear on front flyleaf (p.1), 'title page' (p.3), following the tafsīr (p.289-p.291), and verso of final leaf (p.328)</subfield></datafield><datafield tag="538" ind1=" " ind2=" "><subfield code="a">Mode of access: Internet.</subfield></datafield><datafield tag="541" ind1=" " ind2=" "><subfield code="a">Acquired in 1926 from the bookseller Isaac Benjamin S.E. Yahuda via purchase transacted on his behalf by Abraham Shalom Yahuda (1877-1951), his younger brother.</subfield></datafield><datafield tag="546" ind1=" " ind2=" "><subfield code="a">Arabic.</subfield></datafield><datafield tag="561" ind1=" " ind2=" "><subfield code="a">Glosses and marginal corrections ; occasional notabilia (sideheads).</subfield></datafield><datafield tag="600" ind1="0" ind2="0"><subfield code="a">Muḥammad,</subfield><subfield code="c">Prophet,</subfield><subfield code="d">-632</subfield><subfield code="v">Poetry</subfield><subfield code="v">Early works to 1800.</subfield></datafield><datafield tag="600" ind1="1" ind2="0"><subfield code="a">Tawzarī al-Shaqrāṭīsī, ʻAbd Allāh ibn Yaḥyá,</subfield><subfield code="d">d. 1073.</subfield><subfield code="t">Qaṣīdah al-Shaqrāṭīsīyah.</subfield></datafield><datafield tag="630" ind1="0" ind2="0"><subfield code="a">Qurʼan</subfield><subfield code="x">Commentaries</subfield><subfield code="v">Early works to 1800.</subfield></datafield><datafield tag="650" ind1=" " ind2="0"><subfield code="a">Manuscripts, Arabic</subfield><subfield code="z">Michigan</subfield><subfield code="z">Ann Arbor.</subfield></datafield><datafield tag="650" ind1=" " ind2="0"><subfield code="a">Islamic law</subfield><subfield code="x">Interpretation and construction</subfield><subfield code="v">Early works to 1800.</subfield></datafield><datafield tag="700" ind1="1" ind2=" "><subfield code="6">880-11</subfield><subfield code="a">Abū Zakarīyā Yaḥya ibn Muḥammad ibn ʻAlī al-Kharrāṭī al-Farāwṣanī,</subfield><subfield code="d">fl. 18th cent.?,</subfield><subfield code="e">patron.</subfield></datafield><datafield tag="700" ind1="0" ind2=" "><subfield code="6">880-09</subfield><subfield code="a">Muḥammad al-Saʻdī ibn Muḥammad al-Waghlīsī,</subfield><subfield code="d">fl. 18th cent.?,</subfield><subfield code="e">scribe.</subfield></datafield><datafield tag="700" ind1="0" ind2=" "><subfield code="6">880-08</subfield><subfield code="a">Aḥmad ibn ʻAlī,</subfield><subfield code="d">fl. 17th cent.,</subfield><subfield code="e">scribe.</subfield></datafield><datafield tag="700" ind1="0" ind2=" "><subfield code="6">880-07</subfield><subfield code="a">Muḥammad ibn Muḥammad ibn Ibrāhīm al-ʻIyāḍī,</subfield><subfield code="d">fl. 17th cent.,</subfield><subfield code="e">scribe.</subfield></datafield><datafield tag="700" ind1="1" ind2="2"><subfield code="6">880-06</subfield><subfield code="a">Imām al-Ḥaramayn al-Juwaynī, ʻAbd al-Malik ibn ʻAbd Allāh,</subfield><subfield code="d">1028-1085.</subfield><subfield code="t">Waraqāt.</subfield></datafield><datafield tag="700" ind1="0" ind2="2"><subfield code="6">880-04</subfield><subfield code="a">Abū ʻAbd Allah Muḥammad ibn Muḥammad ibn Maʻazzah al-Hawāribī.</subfield><subfield code="t">Sharḥ al-Qaṣīdah al-Shaqrāṭīsīyah.</subfield></datafield><datafield tag="740" ind1="0" ind2="2"><subfield code="a">ورقات في اصول الفقه</subfield></datafield><datafield tag="740" ind1="0" ind2="2"><subfield code="6">880-05</subfield><subfield code="a">Sharḥ Qaṣīdat Abī Muḥammad ʻAbd Allāh ibn Abī Zakarīyā Yaḥyá ibn ʻAlī ibn Zakarīyā al-shahīr bi-al-Shaqrāṭīsī</subfield></datafield><datafield tag="773" ind1="0" ind2=" "><subfield code="a">Yahuda Collection.</subfield></datafield><datafield tag="880" ind1="1" ind2=" "><subfield code="6">700-11/</subfield><subfield code="a">ابو زكريا يحيى بن محمد بن علي الخراطي الفراوصني,</subfield><subfield code="e">راع.</subfield></datafield><datafield tag="880" ind1="0" ind2=" "><subfield code="6">700-09/</subfield><subfield code="a">محمد السعدي بن محمد الوغليسي,</subfield><subfield code="e">ناسخ.</subfield></datafield><datafield tag="880" ind1="0" ind2=" "><subfield code="6">700-08/</subfield><subfield code="a">احمد بن علي,</subfield><subfield code="e">ناسخ.</subfield></datafield><datafield tag="880" ind1="0" ind2=" "><subfield code="6">700-07/</subfield><subfield code="a">محمد بن محمد بن ابراهيم العياضي,</subfield><subfield code="e">ناسخ.</subfield></datafield><datafield tag="880" ind1="1" ind2="2"><subfield code="6">700-06/</subfield><subfield code="a">امام الحرمين الجويني، عبد الملك بن عبد الله.</subfield><subfield code="t">ورقات.</subfield></datafield><datafield tag="880" ind1="0" ind2="2"><subfield code="6">740-05/</subfield><subfield code="a">شرح قصيدة ابي محمد عبد الله بن ابي زكريا يحيى بن علي بن زكريا الشهير بالشقراطيسي</subfield></datafield><datafield tag="880" ind1="0" ind2="2"><subfield code="6">700-04/</subfield><subfield code="a">ابو عبد الله محمد بن محمد بن معزة الهواربي.</subfield><subfield code="t">شرح القصيدة الشقراطيسية.</subfield></datafield><datafield tag="880" ind1="1" ind2="0"><subfield code="6">245-03/</subfield><subfield code="a">[تفسير الواحدي ... الخ,</subfield><subfield code="f">القرن 17م].</subfield></datafield><datafield tag="880" ind1="1" ind2="0"><subfield code="6">240-02/</subfield><subfield code="a">وجيز</subfield></datafield><datafield tag="880" ind1="0" ind2=" "><subfield code="6">100-01/</subfield><subfield code="a">واحدي، ابو الحسن علي بن احمد.</subfield></datafield><datafield tag="CID" ind1=" " ind2=" "><subfield code="a">006805948</subfield></datafield><datafield tag="DAT" ind1="0" ind2=" "><subfield code="a">20190719102637.0</subfield><subfield code="b">20190719000000.0</subfield></datafield><datafield tag="DAT" ind1="1" ind2=" "><subfield code="a">20190719090653.0</subfield><subfield code="b">2019-07-19T16:12:01Z</subfield></datafield><datafield tag="DAT" ind1="2" ind2=" "><subfield code="a">2015-10-02T18:00:03Z</subfield></datafield><datafield tag="CAT" ind1=" " ind2=" "><subfield code="a">SDR-MIU</subfield><subfield code="d">EX LIBRIS - ALEPH</subfield><subfield code="l">prepare.pl-004-008</subfield></datafield><datafield tag="FMT" ind1=" " ind2=" "><subfield code="a">BK</subfield></datafield><datafield tag="HOL" ind1=" " ind2=" "><subfield code="0">sdr-miu006805948</subfield><subfield code="a">MiU</subfield><subfield code="b">SDR</subfield><subfield code="c">MIU</subfield><subfield code="p">mdp.39015079127638</subfield><subfield code="s">MIU</subfield><subfield code="1">006805948</subfield></datafield><datafield tag="974" ind1=" " ind2=" "><subfield code="b">MIU</subfield><subfield code="c">MIU</subfield><subfield code="d">20190719</subfield><subfield code="s">lit-dlps-dc</subfield><subfield code="u">mdp.39015079127638</subfield><subfield code="y">1699</subfield><subfield code="r">pd</subfield><subfield code="q">bib</subfield><subfield code="t">non-US bib date1 &lt; 1896</subfield></datafield></record></collection>